<collection xmlns="http://www.loc.gov/MARC21/slim"><record><leader>00737nam  2200217   450</leader><controlfield tag="001">828</controlfield><controlfield tag="003">http://montalegre.opacnet.com/OPAC/default.aspx?ContentAreaControl=ShowRegHoldings.ascx&amp;RegNo=16662</controlfield><controlfield tag="005">20</controlfield><datafield tag="100" ind1=" " ind2=" "><subfield code="a">19880311d1979    m  y0pora010305  ba</subfield></datafield><datafield tag="101" ind1="0" ind2=" "><subfield code="a">por</subfield></datafield><datafield tag="102" ind1=" " ind2=" "><subfield code="a">PT</subfield></datafield><datafield tag="200" ind1="1" ind2=" "><subfield code="a">Despertar na campina</subfield><subfield code="f">Mariano Calado</subfield><subfield code="g">il.: Nunes Calado Mateus</subfield></datafield><datafield tag="210" ind1=" " ind2=" "><subfield code="a">Lisboa</subfield><subfield code="c">Multinova</subfield><subfield code="d">1979</subfield></datafield><datafield tag="215" ind1=" " ind2=" "><subfield code="a">102, [2] p.</subfield><subfield code="c">il.</subfield><subfield code="d">18 cm</subfield></datafield><datafield tag="675" ind1=" " ind2=" "><subfield code="a">821.134.3</subfield></datafield><datafield tag="700" ind1=" " ind2="1"><subfield code="a">Calado</subfield><subfield code="b">Mariano</subfield><subfield code="f">1928-</subfield></datafield><datafield tag="702" ind1=" " ind2="1"><subfield code="a">Mateus</subfield><subfield code="b">João Maria Calado</subfield><subfield code="4">440</subfield></datafield><datafield tag="801" ind1=" " ind2="0"><subfield code="a">PT</subfield><subfield code="b">Biblioteca Municipal de Montalegre</subfield><subfield code="g">RPC</subfield></datafield><datafield tag="856" ind1=" " ind2=" "><subfield code="u">locateMedia.asp?cod=20060626121158&amp;ext=jpg</subfield><subfield code="z">CAPA</subfield></datafield><datafield tag="909" ind1="&#9;" ind2=" "><subfield code="a">3</subfield></datafield><datafield tag="966" ind1=" " ind2=" "><subfield code="a">0001869</subfield><subfield code="l">BMM</subfield><subfield code="s">SJ 821.134.3 CAL des</subfield></datafield><datafield tag="966" ind1=" " ind2=" "><subfield code="a">0001868</subfield><subfield code="l">BMM</subfield><subfield code="s">SJ 821.134.3 CAL des</subfield></datafield><datafield tag="966" ind1=" " ind2=" "><subfield code="a">0001867</subfield><subfield code="l">BMM</subfield><subfield code="s">SJ 821.134.3 CAL des</subfield></datafield></record></collection>